<record><leader>00000cas a2200000 a 4500</leader><controlfield tag="001">745494262</controlfield><controlfield tag="008">110805d19091913oruwr ne      0    0eng c</controlfield><datafield ind1=" " ind2=" " tag="010"><subfield code="a">  2011260121</subfield></datafield><datafield ind1=" " ind2=" " tag="040"><subfield code="a">ORU</subfield><subfield code="b">eng</subfield><subfield code="c">ORU</subfield><subfield code="d">ORU</subfield><subfield code="d">OCLCF</subfield></datafield><datafield ind1=" " ind2=" " tag="042"><subfield code="a">pcc</subfield></datafield><datafield ind1=" " ind2=" " tag="043"><subfield code="a">n-us-or</subfield></datafield><datafield ind1="0" ind2="4" tag="245"><subfield code="a">The Nehalem enterprise.</subfield></datafield><datafield ind1=" " ind2=" " tag="260"><subfield code="a">Nehalem, Or. :</subfield><subfield code="b">H. F. Effenberger,</subfield><subfield code="c">1909-1913.</subfield></datafield><datafield ind1=" " ind2=" " tag="300"><subfield code="a">v.</subfield></datafield><datafield ind1=" " ind2=" " tag="310"><subfield code="a">Weekly</subfield></datafield><datafield ind1="1" ind2=" " tag="362"><subfield code="a">Began in 1909; ceased with Vol. 4, No. 34 (June 20th, 1913).</subfield></datafield><datafield ind1=" " ind2=" " tag="530"><subfield code="a">Also available on microfilm from University of Oregon.</subfield></datafield><datafield ind1=" " ind2=" " tag="588"><subfield code="a">Description based on: Vol. 1, No. 36 (June 24, 1910); title from masthead.</subfield></datafield><datafield ind1=" " ind2=" " tag="588"><subfield code="a">Latest issue cosulted: Vol. 4, No. 34 (June 20th, 1913).</subfield></datafield><datafield ind1=" " ind2="0" tag="651"><subfield code="a">Nehalem Valley (Or.)</subfield><subfield code="v">Newspapers.</subfield></datafield><datafield ind1=" " ind2="0" tag="651"><subfield code="a">Tillamook County (Or.)</subfield><subfield code="v">Newspapers.</subfield></datafield><datafield ind1=" " ind2="7" tag="655"><subfield code="a">Newspapers.</subfield><subfield code="2">fast</subfield><subfield code="0">(OCoLC)fst01423814</subfield></datafield><datafield ind1=" " ind2="7" tag="651"><subfield code="a">Oregon</subfield><subfield code="z">Nehalem Valley.</subfield><subfield code="2">fast</subfield><subfield code="0">(OCoLC)fst01306029</subfield></datafield><datafield ind1=" " ind2="7" tag="651"><subfield code="a">Oregon</subfield><subfield code="z">Tillamook County.</subfield><subfield code="2">fast</subfield><subfield code="0">(OCoLC)fst01205853</subfield></datafield><datafield ind1=" " ind2=" " tag="752"><subfield code="a">United States</subfield><subfield code="b">Oregon</subfield><subfield code="c">Tillamook</subfield><subfield code="d">Nehalem.</subfield></datafield><datafield ind1="0" ind2="0" tag="785"><subfield code="t">Nehalem Valley reporter</subfield><subfield code="w">(DLC)  2011260122</subfield><subfield code="w">(OCoLC)745489353</subfield></datafield></record>